
@Book{Mass,
    title = {Modern Applied Statistics with S},
    author = {W. N. Venables and B. D. Ripley},
    publisher = {Springer},
    edition = {Fourth},
    address = {New York},
    year = {2002},
    note = {ISBN 0-387-95457-0},
    url = {http://www.stats.ox.ac.uk/pub/MASS4},
  }

@Manual{L,
    title = {leaps: Regression Subset Selection},
    author = {Thomas Lumley based on Fortran code by Alan Miller},
    year = {2017},
    note = {R package version 3.0},
    url = {https://CRAN.R-project.org/package=leaps},
  }

@Article{PM,
title = {Relación entre $PM_{2.5}$ y $PM_{10}$ en la ciudad de Bogotá},
authors = {Nestor Rojas, Boris Galvis},
journal={Revista de Ingeniería},
year = {2005},
publisher = {Universidad de los Andes, Bogotá},
}


@Book{Tus,
author = {Fernando Tusell},
title = {Análisis de Regresión.Introducción Teórica y Práctica basada en R},
year = {2011},
}


@Manual{read,
    title = {readr: Read Rectangular Text Data},
    author = {Hadley Wickham and Jim Hester and Romain Francois},
    year = {2017},
    note = {R package version 1.1.1},
    url = {https://CRAN.R-project.org/package=readr},
  }

@Manual{pls,
    title = {pls: Partial Least Squares and Principal Component Regression},
    author = {Bjørn-Helge Mevik and Ron Wehrens and Kristian Hovde Liland},
    year = {2016},
    note = {R package version 2.6-0},
    url = {https://CRAN.R-project.org/package=pls},
  }

@book{apl,
   title =     {Applied Regression Analysis, Third Edition (Wiley Series in Probability and Statistics)},
   author =    {Norman R. Draper, Harry Smith},
   publisher = {},
   isbn =      {9780471170822,9780585321943,0471170828},
   year =      {1998},
   series =    {},
   edition =   {Third},
   volume =    {},
   url =       {http://gen.lib.rus.ec/book/index.php?md5=903983CE6C8FBCBB1F81265002FE576B}}

@Book{F,
author = {Julian J. Faraway},
title = {Extending the Linear Model with R: Generalized Linear, Mixed Effects and Nonparametric Regression Models},
publisher = {Chapman y Hall / CRC},
year = {2005},
volume={1 edn.},
}

@Book{supuestos,
author = {Norman Giraldo Gómez},
title = {Notas de clase: Series de tiempo con R},
publisher = {Universidad Nacional de Colombia},
year = {2006},
}

@Manual{vif,
    title = {fmsb: Functions for Medical Statistics Book with some Demographic Data},
    author = {Minato Nakazawa},
    year = {2018},
    note = {R package version 0.6.3},
    url = {https://CRAN.R-project.org/package=fmsb},
  }


@Article{Behar,
title = {Validación de supuestos en el modelo de regresión},
author = {Roberto Behar Gutiérrez},
journal={Serie Monografías},
year = {2003},
volume={1 edn.},
}

@Article{Lm,
    title = {Diagnostic Checking in Regression Relationships},
    author = {Achim Zeileis and Torsten Hothorn},
    journal = {R News},
    year = {2002},
    volume = {2},
    number = {3},
    pages = {7--10},
    url = {https://CRAN.R-project.org/doc/Rnews/},
  }
  
@Manual{Rachas,
    title = {tseries: Time Series Analysis and Computational Finance},
    author = {Adrian Trapletti and Kurt Hornik},
    year = {2018},
    note = {R package version 0.10-43.},
    url = {https://CRAN.R-project.org/package=tseries},
  }

@ARTICLE{Borges-05,
  AUTHOR =       {Borges, R.},
  TITLE =        {{Análisis de supervivencia de pacientes con diálisis peritoneal}},
  JOURNAL =      {Revista Colombiana de Estadistica},
  YEAR =         {2005},
  volume =       {28},
  number =       {2},
  pages =        {243-259},
}

@ARTICLE{Borges-74,
  AUTHOR =       {Brown, M. and Forsythe},
  TITLE =        {{Robust Test for the Equality of Variantes}},
  JOURNAL =      {Journal of the American Statistical Association},
  YEAR =         {1974},
  volume =       {69},
  number =       {346},
  pages =        {364-367},
}

@MASTERSTHESIS{Caballero-86,
  AUTHOR =       {Caballero, S. G.},
  TITLE =        {Un estimador del parámetro g de la distribución g de Tukey},
  SCHOOL =       {{Universidad Nacional de Colombia}},
  YEAR =         {1986},
  type =         {{Tesis de Maestría}},
  address =      {{Facultad de Ciencias. Departamento de Estadística, Bogotá}},
}

@BOOK{Castro-03,
  AUTHOR =       {De Castro, Rodrigo},
  TITLE =        {{El Universo \LaTeX}},
  PUBLISHER =    {Unibiblos},
  YEAR =         {2003},
  edition =      {segunda},
  ADDRESS =      {Universidad Nacional de Colombia, Bogotá}
}

@ARTICLE{Conover-81,
  AUTHOR =       {Conover, W. and Johnson, M. E. and Johnson, M.},
  TITLE =        {{A Comparative Study of Tests for Homogeneity of Variances, With Applications to the Outer Continental Shelf Bidding Data}},
  JOURNAL =      {Technometrics},
  YEAR =         {1981},
  volume =       {23},
  pages =        {351-361},
}

@BOOK{DAPD97,
  AUTHOR =       {DAPD},
  TITLE =        {Población estratificación y aspectos socioeconómicos de Santa Fe de Bogotá},
  PUBLISHER =    {Departamento Administrativo de Planeación Distrital},
  YEAR =         {1997},
  address =      {Bogotá},
}

@BOOK{Dodge-85,
  AUTHOR =       {Dodge, Y.},
  TITLE =        {{Analysis of Experiments with Missing Data}},
  PUBLISHER =    {John Wiley \& Sons},
  YEAR =         {1985},
  address =      {{New York}},
}


@BOOK{Milliken-84,
  AUTHOR =       {Milliken, G.A. and Johnson, D.E. },
  TITLE =        {{Analysis of Messy Data}},
  PUBLISHER =    {Van Nostrand Reinhold},
  YEAR =         {1984},
  volume =       {I},
  series =       {of Designed Experiments},
  address =      {New York},
}

@BOOK{Searle-92,
  AUTHOR =       {Searle, S. R. and Casella, G. and McCulloch, C.},
  TITLE =        {{Variance Components}},
  PUBLISHER =    {John Wiley \& Sons},
  YEAR =         {1992},
  address =      {New York},
}

@Manual{R,
    title = {R: A Language and Environment for Statistical Computing},
    author = {{R Core Team}},
    organization = {R Foundation for Statistical Computing},
    address = {Vienna, Austria},
    year = {2017},
    url = {https://www.R-project.org/},
  }

@ARTICLE{Santana-06,
  AUTHOR =       {Santana, Juan Camilo},
  TITLE =        {Predicción de series temporales con redes neuronales: una aplicación a la inflación colombiana},
  JOURNAL =      {Revista Colombiana de Estadistica},
  YEAR =         {2006},
  volume =       {29},
  number =       {1},
  pages =        {77-92},
}

@BOOK{Reg,
  AUTHOR =       {Douglas C. Montgomery, Elizabeth A. Peck, G. Geoffrey Vining},
  TITLE =        {{Introducción al análisis de regresión lineal}},
  PUBLISHER =    {Compañía Editorial Continental},
  YEAR =         {2002},
  EDITION =      {Tercera},
}

@Article{Dummy,
author = {Ezequiel Uriel},
title = {Análisis de regresión múltiple con información cualitativa},
year = {2013},
}

